
<ENVELOPE xmlns:UDF="TallyUDF">
  <HEADER>
    <TALLYREQUEST>Export Data</TALLYREQUEST>
  </HEADER>
  <BODY>
    <EXPORTDATA>
      <REQUESTDESC>
        <REPORTNAME>Vouchers</REPORTNAME>
        <STATICVARIABLES>
          <SVCURRENTCOMPANY>TESTING</SVCURRENTCOMPANY>
        </STATICVARIABLES>
      </REQUESTDESC>
      <REQUESTDATA>
        <TALLYMESSAGE>
          <VOUCHER REMOTEID="JJT0240250871" VCHTYPE="Sales" ACTION="Create">
            <ISOPTIONAL>No</ISOPTIONAL>
            <USEFORGAINLOSS>No</USEFORGAINLOSS>
            <USEFORCOMPOUND>No</USEFORCOMPOUND>
            <VOUCHERTYPENAME>Sales</VOUCHERTYPENAME>
            <DATE>20241208</DATE>
            <EFFECTIVEDATE>20241208</EFFECTIVEDATE>
            <USETRACKINGNUMBER>No</USETRACKINGNUMBER>
            <ISPOSTDATED>No</ISPOSTDATED>
            <ISINVOICE>No</ISINVOICE>
            <ISCANCELLED>No</ISCANCELLED>
            <DIFFACTUALQTY>Yes</DIFFACTUALQTY>
            <VOUCHERNUMBER>JJT/24-25/871</VOUCHERNUMBER>
            <REFERENCE>JJT/24-25/871</REFERENCE>
            <PARTYLEDGERNAME>J P POLYMERS PRIVATE LIMITED	</PARTYLEDGERNAME>
            <NARRATION>Invoice No. JJT/24-25/871</NARRATION>
            <ASPAYSLIP>No</ASPAYSLIP>
            <GUID>JJT0240250871</GUID>
            <ALTERID>1</ALTERID>
            <HARYANAVAT.LIST DESC="`HARYANAVAT`"/>
            <ALLLEDGERENTRIES.LIST>
              <REMOVEZEROENTRIES>No</REMOVEZEROENTRIES>
              <ISDEEMEDPOSITIVE>Yes</ISDEEMEDPOSITIVE>
              <LEDGERFROMITEM>No</LEDGERFROMITEM>
              <LEDGERNAME>J P POLYMERS PRIVATE LIMITED	</LEDGERNAME>
              <AMOUNT>-24.44</AMOUNT>
              <BILLALLOCATIONS.LIST>
                <NAME>JJT/24-25/871</NAME>
                <BILLTYPE>Total</BILLTYPE>
                <BILLCREDITPERIOD>0</BILLCREDITPERIOD>
                <AMOUNT>-24.44</AMOUNT>
              </BILLALLOCATIONS.LIST>
            </ALLLEDGERENTRIES.LIST>
            <ALLLEDGERENTRIES.LIST>
              <REMOVEZEROENTRIES>No</REMOVEZEROENTRIES>
              <ISDEEMEDPOSITIVE>No</ISDEEMEDPOSITIVE>
              <LEDGERFROMITEM>No</LEDGERFROMITEM>
              <LEDGERNAME>SALES GST @ 5%</LEDGERNAME>
              <AMOUNT>23.28</AMOUNT>
            </ALLLEDGERENTRIES.LIST>
            <ALLLEDGERENTRIES.LIST>
              <REMOVEZEROENTRIES>No</REMOVEZEROENTRIES>
              <ISDEEMEDPOSITIVE>No</ISDEEMEDPOSITIVE>
              <LEDGERFROMITEM>No</LEDGERFROMITEM>
              <LEDGERNAME>OUTPUT CGST @ 2.5%</LEDGERNAME>
              <AMOUNT>0.58</AMOUNT>
            </ALLLEDGERENTRIES.LIST>
            <ALLLEDGERENTRIES.LIST>
              <REMOVEZEROENTRIES>No</REMOVEZEROENTRIES>
              <ISDEEMEDPOSITIVE>No</ISDEEMEDPOSITIVE>
              <LEDGERFROMITEM>No</LEDGERFROMITEM>
              <LEDGERNAME>OUTPUT SGST @ 2.5%</LEDGERNAME>
              <AMOUNT>0.58</AMOUNT>
            </ALLLEDGERENTRIES.LIST>
            <INVENTORYENTRIES.LIST>
              <STOCKITEMNAME>0357BC-009HZA0Y</STOCKITEMNAME>
              <ISDEEMEDPOSITIVE>No</ISDEEMEDPOSITIVE>
              <RATE>2.91</RATE>
              <DISCOUNT/>
              <AMOUNT>23.28</AMOUNT>
              <ACTUALQTY>10.00</ACTUALQTY>
              <BILLEDQTY>10.00</BILLEDQTY>
              <UOM>BOX</UOM>
            </INVENTORYENTRIES.LIST>
          </VOUCHER>
        </TALLYMESSAGE>
      </REQUESTDATA>
    </EXPORTDATA>
  </BODY>
</ENVELOPE>
